<record><leader>00000cas a2200000 a 4500</leader><controlfield tag="001">18719741</controlfield><controlfield tag="008">881107d198819uupaudn ne      0   a0eng d</controlfield><datafield ind1=" " ind2=" " tag="010"><subfield code="a">sn 89007773 </subfield></datafield><datafield ind1=" " ind2=" " tag="040"><subfield code="a">PHA</subfield><subfield code="b">eng</subfield><subfield code="c">PHA</subfield><subfield code="d">NSD</subfield><subfield code="d">NYS</subfield><subfield code="d">NSD</subfield><subfield code="d">DLC</subfield><subfield code="d">OCLCQ</subfield><subfield code="d">OCLCF</subfield><subfield code="d">OCLCO</subfield></datafield><datafield ind1="1" ind2=" " tag="022"><subfield code="a">1045-8123</subfield><subfield code="l">1045-8123</subfield><subfield code="2">1</subfield></datafield><datafield ind1="1" ind2=" " tag="029"><subfield code="a">AU@</subfield><subfield code="b">000020569173</subfield></datafield><datafield ind1=" " ind2=" " tag="037"><subfield code="b">Scranton Times, Penn Ave. &amp; Spruce St., POB 3311, Scranton, PA 18505</subfield></datafield><datafield ind1=" " ind2=" " tag="042"><subfield code="a">nsdp</subfield><subfield code="a">msc</subfield></datafield><datafield ind1=" " ind2=" " tag="043"><subfield code="a">n-us-pa</subfield></datafield><datafield ind1="0" ind2="0" tag="050"><subfield code="a">Newspaper Microfilm 1458</subfield></datafield><datafield ind1="0" ind2=" " tag="130"><subfield code="a">Morning times (Scranton, Pa.)</subfield></datafield><datafield ind1=" " ind2="4" tag="222"><subfield code="a">The morning times</subfield><subfield code="b">(Scranton, Pa.)</subfield></datafield><datafield ind1="0" ind2="4" tag="245"><subfield code="a">The morning times.</subfield></datafield><datafield ind1=" " ind2=" " tag="260"><subfield code="a">Scranton, Pa. :</subfield><subfield code="b">Scranton Times,</subfield><subfield code="c">1988-1990.</subfield></datafield><datafield ind1=" " ind2=" " tag="300"><subfield code="a">v.</subfield></datafield><datafield ind1=" " ind2=" " tag="310"><subfield code="a">Daily (except Sunday),</subfield><subfield code="b">&lt;June 9, 1989-&gt;</subfield></datafield><datafield ind1=" " ind2=" " tag="321"><subfield code="a">Daily,</subfield><subfield code="b">&lt;June 6, 1988-&gt;</subfield></datafield><datafield ind1=" " ind2=" " tag="321"><subfield code="a">Daily (except Saturday and Sunday),</subfield><subfield code="b">&lt;Sept. 19, 1988-&gt;</subfield></datafield><datafield ind1="0" ind2=" " tag="362"><subfield code="a">Vol. 1, no. 1 (June 6, 1988)-v. 2, no. 297 (May 21, 1990).</subfield></datafield><datafield ind1=" " ind2=" " tag="580"><subfield code="a">Daily ed.: Scranton times (Scranton, Pa. : 1891 : Daily)</subfield></datafield><datafield ind1=" " ind2=" " tag="580"><subfield code="a">Merged with: Scrantonian tribune, to form: Tribune (Scranton, Pa. : 1990)</subfield></datafield><datafield ind1=" " ind2="0" tag="651"><subfield code="a">Scranton (Pa.)</subfield><subfield code="v">Newspapers.</subfield></datafield><datafield ind1=" " ind2="0" tag="651"><subfield code="a">Lackawanna County (Pa.)</subfield><subfield code="v">Newspapers.</subfield></datafield><datafield ind1=" " ind2="7" tag="655"><subfield code="a">Newspapers.</subfield><subfield code="2">fast</subfield><subfield code="0">(OCoLC)fst01423814</subfield></datafield><datafield ind1=" " ind2="7" tag="651"><subfield code="a">Pennsylvania</subfield><subfield code="z">Lackawanna County.</subfield><subfield code="2">fast</subfield><subfield code="0">(OCoLC)fst01204973</subfield></datafield><datafield ind1=" " ind2="7" tag="651"><subfield code="a">Pennsylvania</subfield><subfield code="z">Scranton.</subfield><subfield code="2">fast</subfield><subfield code="0">(OCoLC)fst01208014</subfield></datafield><datafield ind1=" " ind2=" " tag="752"><subfield code="a">United States</subfield><subfield code="b">Pennsylvania</subfield><subfield code="c">Lackawanna</subfield><subfield code="d">Scranton.</subfield></datafield><datafield ind1="1" ind2=" " tag="775"><subfield code="t">Scranton times (Scranton, Pa. : 1891 : Daily)</subfield><subfield code="w">(DLC)sn 84026352</subfield><subfield code="w">(OCoLC)10432698</subfield></datafield><datafield ind1="1" ind2="7" tag="785"><subfield code="t">Scrantonian tribune</subfield><subfield code="w">(OCoLC)18712343</subfield></datafield><datafield ind1="1" ind2="7" tag="785"><subfield code="t">Tribune (Scranton, Pa. : 1990)</subfield><subfield code="x">1062-5844</subfield><subfield code="w">(DLC)sn 92004038</subfield><subfield code="w">(OCoLC)21587797</subfield></datafield></record>